%% Articles
@techreport
{
    MaximiseEffectivness,
    annote = {Games as "chocolate cover broccoli". Games must be fun to be engaging},
    author = {Burnes, Devin and Butchko, John and Patrick, Spencer and Wells, James and Williams, Everett},
    file = {::},
    title = {{Maximizing Effectiveness of Educational Games through Gaming Experience}}
}

@inproceedings
{
    flowAndMotivation,
    address = {New York, New York, USA},
    author = {McDermott, Roger and Zarb, Mark and Daniels, Mats and Cajander, {\AA}sa and Clear, Tony},
    booktitle = {Proceedings of the 2016 ACM Conference on Innovation and Technology in Computer Science Education - ITiCSE '16},
    doi = {10.1145/2899415.2899474},
    file = {::},
    isbn = {9781450342315},
    keywords = {flow,motivation,optimal experience,self determination theory},
    mendeley-groups = {Learning},
    pages = {206--211},
    publisher = {ACM Press},
    title = {{Motivation, Optimal Experience and Flow in First Year Computing Science}},
    url = {http://dl.acm.org/citation.cfm?doid=2899415.2899474},
    year = {2016}
}

@inproceedings
{
 GameUXElements,
 author = {Nagalingam, Vanisri and Ibrahim, Roslina},
 title = {Finding the Right Elements: User Experience Elements for Educational Games},
 booktitle = {Proceedings of the 2017 International Conference on E-commerce, E-Business and E-Government},
 series = {ICEEG 2017},
 year = {2017},
 isbn = {978-1-4503-5248-2},
 location = {Turku, Finland},
 pages = {90--93},
 numpages = {4},
 url = {http://doi.acm.org.ezproxy.falmouth.ac.uk/10.1145/3108421.3108436},
 doi = {10.1145/3108421.3108436},
 acmid = {3108436},
 publisher = {ACM},
 address = {New York, NY, USA},
} 

@inproceedings
{
 educationGamesEmpiricle,
 author = {Linehan, Conor and Kirman, Ben and Lawson, Shaun and Chan, Gail},
 title = {Practical, Appropriate, Empirically-validated Guidelines for Designing Educational Games},
 booktitle = {Proceedings of the SIGCHI Conference on Human Factors in Computing Systems},
 series = {CHI '11},
 year = {2011},
 isbn = {978-1-4503-0228-9},
 location = {Vancouver, BC, Canada},
 pages = {1979--1988},
 numpages = {10},
 url = {http://doi.acm.org.ezproxy.falmouth.ac.uk/10.1145/1978942.1979229},
 doi = {10.1145/1978942.1979229},
 acmid = {1979229},
 publisher = {ACM},
 address = {New York, NY, USA},
} 

@article{educationalAppsLearning,
  title={Putting education in “educational” apps: Lessons from the science of learning},
  author={Hirsh-Pasek, Kathy and Zosh, Jennifer M and Golinkoff, Roberta Michnick and Gray, James H and Robb, Michael B and Kaufman, Jordy},
  journal={Psychological Science in the Public Interest},
  volume={16},
  number={1},
  pages={3--34},
  year={2015},
  publisher={Sage Publications Sage CA: Los Angeles, CA}
}

@article{notetakingOverLaptops,
  title={The pen is mightier than the keyboard: Advantages of longhand over laptop note taking},
  author={Mueller, Pam A and Oppenheimer, Daniel M},
  journal={Psychological science},
  volume={25},
  number={6},
  pages={1159--1168},
  year={2014},
  publisher={Sage Publications Sage CA: Los Angeles, CA}
}

@article{comparisonOfChallengeLearning,
  title={Comparison of student learning in challenge-based and traditional instruction in biomedical engineering},
  author={Martin, Taylor and Rivale, Stephanie D and Diller, Kenneth R},
  journal={Annals of biomedical engineering},
  volume={35},
  number={8},
  pages={1312--1323},
  year={2007},
  publisher={Springer}
}

@article{PBLeffectsReview,
  title={Effects of problem-based learning: A meta-analysis},
  author={Dochy, Filip and Segers, Mien and Van den Bossche, Piet and Gijbels, David},
  journal={Learning and instruction},
  volume={13},
  number={5},
  pages={533--568},
  year={2003},
  publisher={Elsevier}
}

@article{pretendPlay,
  title={What do we know about pretend play and narrative development? a response to Lillard, Lerner, Hopkins, Dore, Smith, and Palmquist on" the impact of pretend play on children's development: a review of the evidence"},
  author={Nicolopoulou, Ageliki and Ilgaz, Hande},
  journal={American Journal of Play},
  volume={6},
  number={1},
  pages={55--81},
  year={2013},
  publisher={The Strong}
}

@article{lillardPretendPlay,
  title={The impact of pretend play on children's development: A review of the evidence.},
  author={Lillard, Angeline S and Lerner, Matthew D and Hopkins, Emily J and Dore, Rebecca A and Smith, Eric D and Palmquist, Carolyn M},
  journal={Psychological bulletin},
  volume={139},
  number={1},
  pages={1},
  year={2013},
  publisher={American Psychological Association}
}

%% Books
@book
{
    flowHandbook,
    title={Handbook of competence and motivation},
    author={Elliot, Andrew J and Dweck, Carol S},
    year={2013},
    publisher={Guilford Publications}
}

%% Websites